<record><leader>00000cas a22000007a 4500</leader><controlfield tag="001">29647375</controlfield><controlfield tag="008">940119c19949999nbuwr ne      0   a0eng c</controlfield><datafield ind1=" " ind2=" " tag="010"><subfield code="a">sn 94002253 </subfield></datafield><datafield ind1=" " ind2=" " tag="040"><subfield code="a">NSD</subfield><subfield code="b">eng</subfield><subfield code="c">NSD</subfield><subfield code="d">NVG</subfield><subfield code="d">OCLCQ</subfield><subfield code="d">OCLCF</subfield><subfield code="d">OCLCO</subfield></datafield><datafield ind1=" " ind2=" " tag="012"><subfield code="m">1</subfield></datafield><datafield ind1="1" ind2=" " tag="022"><subfield code="a">1074-2751</subfield><subfield code="l">1074-2751</subfield><subfield code="2">1</subfield></datafield><datafield ind1="1" ind2=" " tag="029"><subfield code="a">AU@</subfield><subfield code="b">000025857125</subfield></datafield><datafield ind1=" " ind2=" " tag="032"><subfield code="a">238280</subfield><subfield code="b">USPS</subfield></datafield><datafield ind1=" " ind2=" " tag="037"><subfield code="b">Polk County News, P.O. Box 258, Osceola, NE 68651</subfield></datafield><datafield ind1=" " ind2=" " tag="042"><subfield code="a">nsdp</subfield><subfield code="a">pcc</subfield></datafield><datafield ind1="0" ind2=" " tag="130"><subfield code="a">Polk County news (Stromsburg, Neb. : 1994)</subfield></datafield><datafield ind1=" " ind2="4" tag="222"><subfield code="a">The Polk County news</subfield><subfield code="b">(Stromsburg, Neb. 1994)</subfield></datafield><datafield ind1="0" ind2="4" tag="245"><subfield code="a">The Polk County news.</subfield></datafield><datafield ind1=" " ind2=" " tag="260"><subfield code="a">Stromsburg, Neb. :</subfield><subfield code="b">Bill Thompson,</subfield><subfield code="c">1994-</subfield></datafield><datafield ind1=" " ind2=" " tag="300"><subfield code="a">v.</subfield></datafield><datafield ind1=" " ind2=" " tag="310"><subfield code="a">Weekly</subfield></datafield><datafield ind1="0" ind2=" " tag="362"><subfield code="a">Vol. 1, no. 1 (Jan. 6, 1994)-</subfield></datafield><datafield ind1=" " ind2=" " tag="580"><subfield code="a">Formed by the union of: Headlight (Stromsburg, Neb.), and: Osceola record, and: Shelby sun (Shelby, Neb. : 1904).</subfield></datafield><datafield ind1=" " ind2="0" tag="651"><subfield code="a">Polk County (Neb.)</subfield><subfield code="v">Newspapers.</subfield></datafield><datafield ind1=" " ind2="7" tag="655"><subfield code="a">Newspapers.</subfield><subfield code="2">fast</subfield><subfield code="0">(OCoLC)fst01423814</subfield></datafield><datafield ind1=" " ind2="7" tag="651"><subfield code="a">Nebraska</subfield><subfield code="z">Polk County.</subfield><subfield code="2">fast</subfield><subfield code="0">(OCoLC)fst01206420</subfield></datafield><datafield ind1=" " ind2=" " tag="752"><subfield code="a">United States</subfield><subfield code="b">Nebraska</subfield><subfield code="c">Polk</subfield><subfield code="d">Stromsburg.</subfield></datafield><datafield ind1="1" ind2=" " tag="776"><subfield code="c">Microfilm</subfield><subfield code="d">Nebraska State Historical Society</subfield><subfield code="w">(DLC)sn 95073582</subfield></datafield><datafield ind1="1" ind2="4" tag="780"><subfield code="t">Headlight (Stromsburg, Neb.)</subfield><subfield code="w">(DLC)sn 88086156</subfield><subfield code="w">(OCoLC)17807484</subfield></datafield><datafield ind1="1" ind2="4" tag="780"><subfield code="t">Osceola record</subfield><subfield code="w">(DLC)sn 84022854</subfield><subfield code="w">(OCoLC)10596321</subfield></datafield><datafield ind1="1" ind2="4" tag="780"><subfield code="t">Shelby sun (Shelby, Neb. : 1904)</subfield></datafield></record>